@article{steinhauer2011review,
  title={Review of field-reversed configurations},
  author={Steinhauer, Loren C},
  journal={Physics of Plasmas},
  volume={18},
  number={7},
  pages={070501},
  year={2011},
  publisher={American Institute of Physics}
}

@article{tuszewski1988field,
title={Field reversed configurations},
author={Tuszewski, M},
journal={Nuclear Fusion},
volume={28},
number={11},
pages={2033},
year={1988},
publisher={IOP Publishing}
}

@book{staudenmeier1991fluid,
  title={A fluid and kinetic study of the gross stability of field-reversed configurations},
  author={Staudenmeier, Joseph Louis},
  year={1991},
  publisher={The Pennsylvania State University}
}



